:20:REF123456789012345
:25:NL12ABNA0123456789
:28C:00001/1
:60F:C250101EUR1234,56
:61:2501020102D500,00NTRF/INV-2025-001
:86:/EREF/INV-2025-001 /REMI/Supplier payment - Invoice 2025-001
:61:2501030103C250,00NTRFNONREF
:86:REFUND CUSTOMER ABC
:61:2501050105D1250,50NMSC/BNKREF-001
:86:/ORDP//NAME/ACME Corp /REMI/Fee payment Q1 2025
:61:2501080108C3200,00NTRF
:86:/EREF/ORD-2025-044 /REMI/Customer payment /CHRG/EUR 5,00
:61:2501090109D100,00NTRF
:86:Office supplies
:61:2501100110D250,00NTRF
:86:/REMI/Rent Jan 2025
:61:2501110111C500,00NTRF
:86:Payment received - Project Alpha
:61:2501120112D75,50NMSC
:86:Bank fee
:61:2501130113C1200,00NTRF
:86:/EREF/INV-2025-012 /REMI/Invoice 2025-012
:61:2501140114D300,00NTRF
:86:Software subscription
:61:2501150115C80,00NTRF
:86:Refund - overpayment
:61:2501160116D450,00NTRF
:86:/ORDP//NAME/Utilities Co /REMI/Electricity Dec
:61:2501170117C200,00NTRF
:86:Consulting income
:61:2501180118D100,00NTRF
:86:Insurance premium
:61:2501190119C350,00NTRF
:86:Customer prepayment
:61:2501200120D90,00NTRF
:86:Postage and shipping
:61:2501210121C600,00NTRF
:86:/EREF/ORD-2025-021 /REMI/Order 2025-021
:61:2501220122D110,00NTRF
:86:Telecom services
:61:2501230123C40,00NTRF
:86:Interest credit
:61:2501240124D220,00NTRF
:86:Equipment purchase
:61:2501250125C180,00NTRF
:86:Commission received
:61:2501260126D70,00NTRF
:86:Legal fees
:61:2501270127C95,00NTRF
:86:Misc income
:61:2501280128D330,00NTRF
:86:/REMI/Marketing services Jan
:61:2501290129C410,00NTRF
:86:Payment - Contract C-88
:61:2501300130D50,00NTRF
:86:Admin fee
:61:2501310131C160,00NTRF
:86:Final payment INV-2025-030
:62F:C250131EUR4603,56
:64:C250131EUR4603,56
