:20:STMT20250312001
:25:DE89370400440532013000
:28C:001/01
:60F:C250301EUR10000,00
:61:2503020302D150,00NTRF//INV-001
:86:Supplier payment
:61:2503030303C200,00NTRF//PAY-002
:86:Customer payment
:62F:C250331EUR10050,00
:20:STMT20250312002
:25:NL91ABNA0417164300
:28C:001/01
:60F:C250301USD5000,00
:61:2503150315D75,25NTRF//FEE
:86:Bank fee
:62F:C250331USD4924,75
